@article{Bourdillon1941,
	title = {A slit sampler for collecting and counting air-borne bacteria},
	author = {Bourdillon, R. B. and Lidwell, O. M. and Thomas, John C.},
	year = {1941},
	month = {09},
	date = {1941-09},
	journal = {Epidemiology & Infection},
	pages = {197--224},
	volume = {41},
	number = {2},
	doi = {10.1017/S0022172400012407},
	url = {https://www.cambridge.org/core/journals/epidemiology-and-infection/article/slit-sampler-for-collecting-and-counting-airborne-bacteria/C76FF34299EC21C47E08F1E4D85CE189},
	note = {Publisher: Cambridge University Press},
	langid = {en}
}


@InBook{FDA2020,
  author    = {FDA,},
  publisher = {Food and Drug Administration Center for Food Safety and Applied Nutrition},
  title     = {BAM Media M127: Potato Dextrose Agar},
  year      = {2020},
  edition   = {8},
  month     = {06},
  note      = {Publisher: FDA},
  date      = {2020-06-26},
  langid    = {en},
  url       = {https://www.fda.gov/food/laboratory-methods-food/bam-media-m127-potato-dextrose-agar},
}

@Book{FDA2022,
  author    = {FDA,},
  publisher = {Food and Drug Administration Center for Food Safety and Applied Nutrition},
  title     = {Bacteriological Analytical Manual (BAM)},
  year      = {2022},
  edition   = {8},
  month     = {07},
  note      = {Publisher: FDA},
  date      = {2022-07-27},
  langid    = {en},
  url       = {https://www.fda.gov/food/laboratory-methods-food/bacteriological-analytical-manual-bam},
}

@article{Hickin2021,
	title = {Optimization of a Diet for the Greater Wax Moth (Lepidoptera: Pyralidae) Using Full Factorial and Mixture Design},
	author = {Hickin, M. and Nadel, H. and Schal, C. and Cohen, A.C.},
	year = {2021},
	date = {2021},
	journal = {Journal of Economic Entomology},
	pages = {1091--1103},
	volume = {114},
	number = {3},
	doi = {10.1093/jee/toab039},
	langid = {English}
}

@inbook{Mislivec1991,
	title = {Enumeration of yeasts and moulds and production of toxins},
	author = {Mislivec, Philip and Stack, Michael E.},
	editor = {Semple, R.L. and Frio, A.S. and Hicks, P.A. and Lozare, J.V.},
	year = {1991},
	date = {1991},
	publisher = {UNDP/FAO Regional Network Inter-Country Cooperation on Postharvest Technology and Quality Control of Foodgrains},
	url = {https://www.fao.org/3/x5036e/x5036E0o.htm},
	address = {Bangkok, Thailand},
	langid = {English}
}

@article{Romano2015,
	title = {Some aspects on the sampling efficiency of microbial impaction air samplers},
	author = {Romano, Francesco},
	year = {2015},
	date = {2015},
	pages = {4},
	doi = {10.1016/j.partic.2014.11.008},
	langid = {en}
}

@book{Schneider2009,
	title = {Principles and procedures for rearing high quality insects},
	editor = {Schneider, John C.},
	year = {2009},
	date = {2009},
	publisher = {Mississippi State University},
	note = {OCLC: ocn519574821},
	address = {Mississippi State, MS}
}

@Comment{jabref-meta: databaseType:bibtex;}

@Comment{jabref-meta: saveOrderConfig:specified;author;false;bookauthor;false;editor;true;year;false;citationkey;false;}
